%% This BibTeX bibliography file was created using BibDesk.
%% http://bibdesk.sourceforge.net/


%% Created for Vlad Fatenko at 2016-11-16 17:08:25 +0200 


%% Saved with string encoding Unicode (UTF-8) 


@comment{jabref-meta: databaseType:bibtex;}


@book{Kremer,
	Address = {М.},
	Author = {Н.Ш. Кремер},
	Edition = {2},
	Language = {russian},
	Pages = {573},
	Publisher = {ЮНИТИ-ДАНА},
	Title = {Теория вероятностей и математическая статистика.},
	Year = {2004}}

@book{lavrentiev1965,
	title={Методы теории функций комплексного переменного},
	author={Лаврентьев, М.А. and Шабат, Б.В.},
	lccn={65086090},
	url={https://books.google.com.ua/books?id=My7vAAAAMAAJ},
	year={1965},
	publisher={Наука}
}

@book{schiff1999laplace,
	title={The Laplace Transform: Theory and Applications},
	author={Schiff, J.L.},
	isbn={9780387986982},
	lccn={99014037},
	series={Undergraduate Texts in Mathematics},
	url={https://books.google.com.ua/books?id=RU-5jSPlKMcC},
	year={1999},
	publisher={Springer New York}
}


@book{Feller,
	Address = {New-York},
	Author = {William Feller},
	Edition = {2},
	Pages = {704},
	Publisher = {John Wiley \& Sons},
	Title = {An Introduction To Probability Theory and Its Applications.},
	Volume = {2},
	Year = {1971}}

@book{Blaisdell,
	Address = {Budapest},
	Author = {Blaisdell, B. E. and Solomon, H.},
	Pages = {834},
	Publisher = {J. Appl. Prob.},
	Title = {On Random Sequential Packing in the Plane and a Conjecture of Palasti.},
	Year = {1970}}

@book{Dvoretzky,
	Address = {Budapest},
	Author = {Dvoretzky, A. and Robbins, H.},
	Pages = {275},
	Publisher = {Math. Inst. Hung. Acad.},
	Title = {On the Parking Problem.},
	Year = {1964}}

@book{Renyi,
	Address = {Budapest},
	Author = {R{\'e}nyi, A.},
	Pages = {153},
	Publisher = {Math. Inst. Hung. Acad.},
	Title = {On a One-Dimensional Problem Concerning Random Space-Filling.},
	Year = {1958}}

@electronic{MathWorldRenyi,
	Author = {Weisstein, Eric W.},
	Language = {english},
	Organization = {MathWorld -- A Wolfram Web Resource},
	Title = {R{\'e}nyi's Parking Constants},
	Url = {http://mathworld.wolfram.com/RenyisParkingConstants.html},
	Year = {2016},
	Bdsk-Url-1 = {http://mathworld.wolfram.com/RenyisParkingConstants.html}}
